<?xml version="1.0" encoding="UTF-8"?><collection xmlns="http://www.loc.gov/MARC21/slim"><record><leader>00421nam--2200121-i-4500</leader><controlfield tag="001">000016287</controlfield><controlfield tag="002">20161230</controlfield><controlfield tag="005">20161230201031</controlfield><controlfield tag="008">060222s1000------------r-----000-0-eng-d</controlfield><datafield ind1=" " ind2=" " tag="100"><subfield code="a">Bergeon,Rene</subfield></datafield><datafield ind1=" " ind2=" " tag="245"><subfield code="a">Contribution a l etude des forces intermolecu laires en maison avec l equation d etat des gaz et les perturbations des raies spectrales sous haute pression.these</subfield></datafield><datafield ind1=" " ind2=" " tag="260"><subfield code="a">Paris,Universite,1958. 41p</subfield></datafield><datafield ind1=" " ind2=" " tag="852"><subfield code="a">77992</subfield></datafield></record></collection>